<?xml version="1.0" encoding="UTF-8"?><record xmlns="http://www.loc.gov/MARC21/slim" xmlns:cinclude="http://apache.org/cocoon/include/1.0" xmlns:zs="http://www.loc.gov/zing/srw/">
  <leader>00528nz  a2200145n  4500</leader>
  <controlfield tag="001">no2009080038</controlfield>
  <controlfield tag="003">DLC</controlfield>
  <controlfield tag="005">20090526100640.0</controlfield>
  <controlfield tag="008">090523n| acannaabn          |n aaa     c</controlfield>
  <datafield tag="010" ind1=" " ind2=" ">
    <subfield code="a">no2009080038</subfield>
  </datafield>
  <datafield tag="035" ind1=" " ind2=" ">
    <subfield code="a">(OCoLC)oca08119430</subfield>
  </datafield>
  <datafield tag="040" ind1=" " ind2=" ">
    <subfield code="a">TxU-Mu</subfield>
    <subfield code="b">eng</subfield>
    <subfield code="c">TxU-Mu</subfield>
  </datafield>
  <datafield tag="100" ind1="1" ind2=" ">
    <subfield code="a">Hale패vy, F.,</subfield>
    <subfield code="d">1799-1862.</subfield>
    <subfield code="t">Manon Lescaut</subfield>
  </datafield>
  <datafield tag="670" ind1=" " ind2=" ">
    <subfield code="a">Hale패vy, F. Manon Lescaut, c2007</subfield>
  </datafield>
  <datafield tag="670" ind1=" " ind2=" ">
    <subfield code="a">Grove Music Online WWW site, May 23, 2009</subfield>
    <subfield code="b">(Manon Lescaut (ballet, 3 acts, E. Scribe and J. Aumer, after Pre패vost); 1st perf.: Paris Ope패ra, May 3, 1830)</subfield>
  </datafield>
</record>